@inproceedings{sacramento2018dendritic,
  title={Dendritic cortical microcircuits approximate the backpropagation algorithm},
  author={Sacramento, Jo{\~a}o and Costa, Rui Ponte and Bengio, Yoshua and Senn, Walter},
  booktitle={Advances in Neural Information Processing Systems},
  pages={8721--8732},
  year={2018}
}

@inproceedings{kungl2019rnla,
  title={Deep reinforcement learning in a time-continuous framework},
  author={Kungl, Akos F. and Dold, Dominik and Riedler, Oskar and Petrovici, Mihai A and Senn, Walter},
  booktitle={Bernstein Conference},
  year={2019}
}

@inproceedings{dold2019lagrangian,
  author   = { Dold, Dominik and Kungl, Akos F and Sacramento, Jo{\~a}o and  Petrovici, Mihai A and  Schindler, Kaspar and Binas, Jonathan and Bengio, Yoshua and Senn, Walter},
  title    = {Lagrangian dynamics of dendritic microcircuits enables real-time backpropagation of errors},
  booktitle = {Cosyne Conference},
  year     = {2019},
  volume   = {},
  pages    = {}
}

@article{whittington2017approximation,
  title={An approximation of the error backpropagation algorithm in a predictive coding network with local Hebbian synaptic plasticity},
  author={Whittington, James CR and Bogacz, Rafal},
  journal={Neural Computation},
  volume={29},
  number={5},
  pages={1229--1262},
  year={2017},
  publisher={MIT Press}
}

@article{scellier2017equilibrium,
  title={Equilibrium propagation: Bridging the gap between energy-based models and backpropagation},
  author={Scellier, Benjamin and Bengio, Yoshua},
  journal={Frontiers in computational neuroscience},
  volume={11},
  pages={24},
  year={2017},
  publisher={Frontiers}
}