@techreport{smolensky1986information,
  title={Information processing in dynamical systems: Foundations of harmony theory},
  author={Smolensky, Paul},
  year={1986},
  institution={COLORADO UNIV AT BOULDER DEPT OF COMPUTER SCIENCE}
}

@article{fiser2010statistically,
  title={Statistically optimal perception and learning: from behavior to neural representations},
  author={Fiser, J{\'o}zsef and Berkes, Pietro and Orb{\'a}n, Gerg{\H{o}} and Lengyel, M{\'a}t{\'e}},
  journal={Trends in cognitive sciences},
  volume={14},
  number={3},
  pages={119--130},
  year={2010},
  publisher={Elsevier}
}

@article{jones2014scipy,
  title={$\{$SciPy$\}$: open source scientific tools for $\{$Python$\}$},
  author={Jones, Eric and Oliphant, Travis and Peterson, Pearu},
  year={2014}
}

@inproceedings{jouppi2017datacenter,
  title={In-datacenter performance analysis of a tensor processing unit},
  author={Jouppi, Norman P and Young, Cliff and Patil, Nishant and Patterson, David and Agrawal, Gaurav and Bajwa, Raminder and Bates, Sarah and Bhatia, Suresh and Boden, Nan and Borchers, Al and others},
  booktitle={Proceedings of the 44th Annual International Symposium on Computer Architecture},
  pages={1--12},
  year={2017},
  organization={ACM}
}

@article{davies2018loihi,
  title={Loihi: A neuromorphic manycore processor with on-chip learning},
  author={Davies, Mike and Srinivasa, Narayan and Lin, Tsung-Han and Chinya, Gautham and Cao, Yongqiang and Choday, Sri Harsha and Dimou, Georgios and Joshi, Prasad and Imam, Nabil and Jain, Shweta and others},
  journal={IEEE Micro},
  volume={38},
  number={1},
  pages={82--99},
  year={2018},
  publisher={IEEE}
}

@article{merolla2014million,
  title={A million spiking-neuron integrated circuit with a scalable communication network and interface},
  author={Merolla, Paul A and Arthur, John V and Alvarez-Icaza, Rodrigo and Cassidy, Andrew S and Sawada, Jun and Akopyan, Filipp and Jackson, Bryan L and Imam, Nabil and Guo, Chen and Nakamura, Yutaka and others},
  journal={Science},
  volume={345},
  number={6197},
  pages={668--673},
  year={2014},
  publisher={American Association for the Advancement of Science}
}

@article{destexhe2003high,
  title={The high-conductance state of neocortical neurons in vivo},
  author={Destexhe, Alain and Rudolph, Michael and Par{\'e}, Denis},
  journal={Nature reviews neuroscience},
  volume={4},
  number={9},
  pages={739},
  year={2003},
  publisher={Nature Publishing Group}
}

@article{nordlie2009towards,
  title={Towards reproducible descriptions of neuronal network models},
  author={Nordlie, Eilen and Gewaltig, Marc-Oliver and Plesser, Hans Ekkehard},
  journal={PLoS computational biology},
  volume={5},
  number={8},
  pages={e1000456},
  year={2009},
  publisher={Public Library of Science}
}

@book{von1867handbuch,
  title={Handbuch der physiologischen Optik},
  author={Von Helmholtz, Hermann},
  volume={9},
  year={1867},
  publisher={Voss}
}

@inproceedings{bytschok2017spike,
  title={Spike-based probabilistic inference with correlated noise},
  author={Bytschok, Ilja and Dold, Dominik and Schemmel, Johannes and Meier, Karlheinz and Petrovici, Mihai A},
  booktitle = {BMC Neuroscience 2017},
  year     = {2017},
  volume   = {18},
  pages    = {P200},
  publisher = {Organization for Computational Neurosciences}
}

@article{tetzlaff2012decorrelation,
  title={Decorrelation of neural-network activity by inhibitory feedback},
  author={Tetzlaff, Tom and Helias, Moritz and Einevoll, Gaute T and Diesmann, Markus},
  journal={PLoS computational biology},
  volume={8},
  number={8},
  pages={e1002596},
  year={2012},
  publisher={Public Library of Science}
}

@book{liu2015event,
  title={Event-based neuromorphic systems},
  author={Liu, Shih-Chii},
  year={2015},
  publisher={John Wiley \& Sons}
}

@INPROCEEDINGS{millner2010AdEx,
  author = {Sebastian Millner and Andreas Gr\"{u}bl and Karlheinz Meier and Johannes Schemmel and Marc-Olivier Schwartz},
  title = {A {VLSI} Implementation of the Adaptive Exponential Integrate-and-Fire Neuron Model},
  booktitle = {Adv Neur In},
  volume = 23,
  year = {2010},
  editor = {Lafferty, J. and C. K. I. Williams and J. Shawe-Taylor and R.S. Zemel and A. Culotta},
  pages = {1642--1650}
}

@inproceedings{schemmel_ijcnn2008,
  title={Wafer-scale integration of analog neural networks},
  author={Schemmel, Johannes and Fieres, Johannes and Meier, Karlheinz},
  booktitle={Neural Networks, 2008. IJCNN 2008.(IEEE World Congress on Computational Intelligence). IEEE International Joint Conference on},
  pages={431--438},
  year={2008},
  organization={IEEE}
}

@ARTICLE{naud2008firing,
  author = {Naud, Richard and Marcille, Nicolas and Clopath, Claudia and Gerstner,
	Wulfram},
  title = {Firing patterns in the adaptive exponential integrate-and-fire model},
  journal = {Biological Cybernetics},
  year = {2008},
  volume = {99},
  pages = {335--347},
  number = {4},
  month = {Nov},
  day = {01},
  doi = {10.1007/s00422-008-0264-7},
  url = {http://dx.doi.org/10.1007/s00422-008-0264-7}
}

@ARTICLE{scholze2011vlsi,
  author={Scholze, Stefan and Schiefer, Stefan and Partzsch, Johannes and Hartmann, Stephan and Mayr, Christian and H\"{o}ppner, Sebastian and Eisenreich, Holger and Henker, Stephan and Vogginger, Bernhard and Sch\"{u}ffny, Rene},
  title={{VLSI} Implementation of a 2.8 {GEvent/s} Packet-Based {AER} Interface with Routing and Event Sorting Functionality},
  journal={Front Neurosci},
  volume={5},
  pages={117},
  year={2011},
  doi={10.3389/fnins.2011.00117},
  issn={1662-453X},
}

@inproceedings{thanasoulis2014pulse,
  title={A pulse communication flow ready for accelerated neuromorphic experiments},
  author={Thanasoulis, Vasilis and Vogginger, Bernhard and Partzsch, Johannes and Schuffny, Rene},
  booktitle={Circuits and Systems (ISCAS), 2014 IEEE International Symposium on},
  pages={265--268},
  year={2014},
  organization={IEEE}
}

@online{xiao2017online,
  author       = {Han Xiao and Kashif Rasul and Roland Vollgraf},
  title        = {Fashion-MNIST: a Novel Image Dataset for Benchmarking Machine Learning Algorithms},
  date         = {2017-08-28},
  year         = {2017},
  eprintclass  = {cs.LG},
  eprinttype   = {arXiv},
  eprint       = {cs.LG/1708.07747},
}

@article{pfeil2016effect,
  title={Effect of Heterogeneity on Decorrelation Mechanisms in Spiking Neural Networks: A Neuromorphic-Hardware Study},
  author={Pfeil, Thomas and Jordan, Jakob and Tetzlaff, Tom and Gr{\"u}bl, Andreas and Schemmel, Johannes and Diesmann, Markus and Meier, Karlheinz},
  journal={Physical Review X},
  volume={6},
  number={2},
  pages={021023},
  year={2016},
  publisher={APS}
}

@article{berkes2011spontaneous,
  title={Spontaneous cortical activity reveals hallmarks of an optimal internal model of the environment},
  author={Berkes, Pietro and Orb{\'a}n, Gerg{\H{o}} and Lengyel, M{\'a}t{\'e} and Fiser, J{\'o}zsef},
  journal={Science},
  volume={331},
  number={6013},
  pages={83--87},
  year={2011},
  publisher={American Association for the Advancement of Science}
}

@article{orban2016neural,
  title={Neural variability and sampling-based probabilistic representations in the visual cortex},
  author={Orb{\'a}n, Gerg{\H{o}} and Berkes, Pietro and Fiser, J{\'o}zsef and Lengyel, M{\'a}t{\'e}},
  journal={Neuron},
  volume={92},
  number={2},
  pages={530--543},
  year={2016},
  publisher={Elsevier}
}

@article{kutschireiter2017nonlinear,
  title={Nonlinear Bayesian filtering and learning: a neuronal dynamics for perception},
  author={Kutschireiter, Anna and Surace, Simone Carlo and Sprekeler, Henning and Pfister, Jean-Pascal},
  journal={Scientific reports},
  volume={7},
  number={1},
  pages={8722},
  year={2017},
  publisher={Nature Publishing Group}
}

@article{haefner2016perceptual,
  title={Perceptual decision-making as probabilistic inference by neural sampling},
  author={Haefner, Ralf M and Berkes, Pietro and Fiser, J{\'o}zsef},
  journal={Neuron},
  volume={90},
  number={3},
  pages={649--660},
  year={2016},
  publisher={Elsevier}
}

@article{pouget2013probabilistic,
  title={Probabilistic brains: knowns and unknowns},
  author={Pouget, Alexandre and Beck, Jeffrey M and Ma, Wei Ji and Latham, Peter E},
  journal={Nature neuroscience},
  volume={16},
  number={9},
  pages={1170},
  year={2013},
  publisher={Nature Publishing Group}
}

@article{furber2016large,
  title={Large-scale neuromorphic computing systems},
  author={Furber, Steve},
  journal={Journal of neural engineering},
  volume={13},
  number={5},
  pages={051001},
  year={2016},
  publisher={IOP Publishing}
}


@article{buesing2011neural,
  title={Neural dynamics as sampling: a model for stochastic computation in recurrent networks of spiking neurons},
  author={Buesing, Lars and Bill, Johannes and Nessler, Bernhard and Maass, Wolfgang},
  journal={PLoS computational biology},
  volume={7},
  number={11},
  pages={e1002211},
  year={2011},
  publisher={Public Library of Science}
}

@article{leng2017spiking,
  title={Spiking neurons with short-term synaptic plasticity form superior generative networks},
  author={Leng, Luziwei and Martel, Roman and Breitwieser, Oliver and Bytschok, Ilja and Senn, Walter and Schemmel, Johannes and Meier, Karlheinz and Petrovici, Mihai A},
  journal={arXiv preprint arXiv:1709.08166},
  year={2017}
}

@article{petrovici2016stochastic,
  title={Stochastic inference with spiking neurons in the high-conductance state},
  author={Petrovici, Mihai A and Bill, Johannes and Bytschok, Ilja and Schemmel, Johannes and Meier, Karlheinz},
  journal={Physical Review E},
  volume={94},
  number={4},
  pages={042312},
  year={2016},
  publisher={APS}
}

@article{jordan2017stochastic,
  title={Stochastic neural computation without noise},
  author={Jordan, Jakob and Petrovici, Mihai A and Breitwieser, Oliver and Schemmel, Johannes and Meier, Karlheinz and Diesmann, Markus and Tetzlaff, Tom},
  journal={arXiv preprint arXiv:1710.04931},
  year={2017}
}

@article{budzillo2017dopaminergic,
  title={Dopaminergic modulation of basal ganglia output through coupled excitation--inhibition},
  author={Budzillo, Agata and Duffy, Alison and Miller, Kimberly E and Fairhall, Adrienne L and Perkel, David J},
  journal={Proceedings of the National Academy of Sciences},
  volume={114},
  number={22},
  pages={5713--5718},
  year={2017},
  publisher={National Acad Sciences}
}

@inproceedings{schemmel2010wafer,
  title={A wafer-scale neuromorphic hardware system for large-scale neural modeling},
  author={Schemmel, Johannes and Br{\"u}derle, Daniel and Gr{\"u}bl, Andreas and Hock, Matthias and Meier, Karlheinz and Millner, Sebastian},
  booktitle={Circuits and systems (ISCAS), proceedings of 2010 IEEE international symposium on},
  pages={1947--1950},
  year={2010},
  organization={IEEE}
}

@incollection{ackley1987learning,
  title={A learning algorithm for Boltzmann machines},
  author={Ackley, David H and Hinton, Geoffrey E and Sejnowski, Terrence J},
  booktitle={Readings in Computer Vision},
  pages={522--533},
  year={1987},
  publisher={Elsevier}
}

@incollection{hinton2012practical,
  title={A practical guide to training restricted Boltzmann machines},
  author={Hinton, Geoffrey E},
  booktitle={Neural networks: Tricks of the trade},
  pages={599--619},
  year={2012},
  publisher={Springer}
}

@book{hinton1984boltzmann,
  title={Boltzmann machines: Constraint satisfaction networks that learn},
  author={Hinton, Geoffrey E and Sejnowski, Terrence J and Ackley, David H},
  year={1984},
  publisher={Carnegie-Mellon University, Department of Computer Science Pittsburgh, PA}
}

@inproceedings{schmitt2017neuromorphic,
  title={Neuromorphic hardware in the loop: Training a deep spiking network on the brainscales wafer-scale system},
  author={Schmitt, Sebastian and Kl{\"a}hn, Johann and Bellec, Guillaume and Gr{\"u}bl, Andreas and Guettler, Maurice and Hartel, Andreas and Hartmann, Stephan and Husmann, Dan and Husmann, Kai and Jeltsch, Sebastian and others},
  booktitle={Neural Networks (IJCNN), 2017 International Joint Conference on},
  pages={2227--2234},
  year={2017},
  organization={IEEE}
}

@inproceedings{petrovici2017robustness,
  title={Robustness from structure: Inference with hierarchical spiking networks on analog neuromorphic hardware},
  author={Petrovici, Mihai A and Schroeder, Anna and Breitwieser, Oliver and Gr{\"u}bl, Andreas and Schemmel, Johannes and Meier, Karlheinz},
  booktitle={Neural Networks (IJCNN), 2017 International Joint Conference on},
  pages={2209--2216},
  year={2017},
  organization={IEEE}
}

@article{friedmann2017demonstrating,
  title={Demonstrating hybrid learning in a flexible neuromorphic hardware system},
  author={Friedmann, Simon and Schemmel, Johannes and Gr{\"u}bl, Andreas and Hartel, Andreas and Hock, Matthias and Meier, Karlheinz},
  journal={IEEE transactions on biomedical circuits and systems},
  volume={11},
  number={1},
  pages={128--142},
  year={2017},
  publisher={IEEE}
}

@article{lecun1998gradient,
  title={Gradient-based learning applied to document recognition},
  author={LeCun, Yann and Bottou, L{\'e}on and Bengio, Yoshua and Haffner, Patrick},
  journal={Proceedings of the IEEE},
  volume={86},
  number={11},
  pages={2278--2324},
  year={1998},
  publisher={IEEE}
}

@article{neftci2014event,
  title={Event-driven contrastive divergence for spiking neuromorphic systems},
  author={Neftci, Emre and Das, Srinjoy and Pedroni, Bruno and Kreutz-Delgado, Kenneth and Cauwenberghs, Gert},
  journal={Frontiers in neuroscience},
  volume={7},
  pages={272},
  year={2014},
  publisher={Frontiers}
}

@article{schmuker2014neuromorphic,
  title={A neuromorphic network for generic multivariate data classification},
  author={Schmuker, Michael and Pfeil, Thomas and Nawrot, Martin Paul},
  journal={Proceedings of the National Academy of Sciences},
  volume={111},
  number={6},
  pages={2081--2086},
  year={2014},
  publisher={National Acad Sciences}
}

@article{hinton1995wake,
  title={The" wake-sleep" algorithm for unsupervised neural networks},
  author={Hinton, Geoffrey E and Dayan, Peter and Frey, Brendan J and Neal, Radford M},
  journal={Science},
  volume={268},
  number={5214},
  pages={1158--1161},
  year={1995},
  publisher={American Association for the Advancement of Science}
}

@article{kullback1951information,
  title={On information and sufficiency},
  author={Kullback, Solomon and Leibler, Richard A},
  journal={The annals of mathematical statistics},
  volume={22},
  number={1},
  pages={79--86},
  year={1951},
  publisher={JSTOR}
}

@article{brette2005adaptive,
  title={Adaptive exponential integrate-and-fire model as an effective description of neuronal activity},
  author={Brette, Romain and Gerstner, Wulfram},
  journal={Journal of neurophysiology},
  volume={94},
  number={5},
  pages={3637--3642},
  year={2005},
  publisher={American Physiological Society}
}

@article{pedroni2016mapping,
  title={Mapping generative models onto a network of digital spiking neurons},
  author={Pedroni, Bruno U and Das, Srinjoy and Arthur, John V and Merolla, Paul A and Jackson, Bryan L and Modha, Dharmendra S and Kreutz-Delgado, Kenneth and Cauwenberghs, Gert},
  journal={IEEE transactions on biomedical circuits and systems},
  volume={10},
  number={4},
  pages={837--854},
  year={2016},
  publisher={IEEE}
}

@conference{petrovici2015sampling,
  author   = {Petrovici, Mihai A. and St{\"o}ckel ,David and Bytschok, Ilja and Bill, Johannes and Pfeil, Thomas and Schemmel, Johannes and Meier, Karlheinz},
  title    = {Fast sampling with neuromorphic hardware},
  booktitle = {},
  year     = {2015},
  volume   = {28},
  pages    = {}
}


@article{churchland2011variance,
  title={Variance as a signature of neural computations during decision making},
  author={Churchland, Anne K and Kiani, Roozbeh and Chaudhuri, Rishidev and Wang, Xiao-Jing and Pouget, Alexandre and Shadlen, Michael N},
  journal={Neuron},
  volume={69},
  number={4},
  pages={818--831},
  year={2011},
  publisher={Elsevier}
}

@article{hennequin2014fast,
  title={Fast sampling for Bayesian inference in neural circuits},
  author={Hennequin, Guillaume and Aitchison, Laurence and Lengyel, M{\'a}t{\'e}},
  journal={arXiv preprint arXiv:1404.3521},
  year={2014}
}

@article{aitchison2016hamiltonian,
  title={The Hamiltonian brain: efficient probabilistic inference with excitatory-inhibitory neural circuit dynamics},
  author={Aitchison, Laurence and Lengyel, M{\'a}t{\'e}},
  journal={PLoS computational biology},
  volume={12},
  number={12},
  pages={e1005186},
  year={2016},
  publisher={Public Library of Science}
}

@article{indiveri2011neuromorphic,
  title={Neuromorphic silicon neuron circuits},
  author={Indiveri, Giacomo and Linares-Barranco, Bernab{\'e} and Hamilton, Tara Julia and Van Schaik, Andr{\'e} and Etienne-Cummings, Ralph and Delbruck, Tobi and Liu, Shih-Chii and Dudek, Piotr and H{\"a}fliger, Philipp and Renaud, Sylvie and others},
  journal={Frontiers in neuroscience},
  volume={5},
  pages={73},
  year={2011},
  publisher={Frontiers}
}

@article{davison2009pynn,
  title={PyNN: a common interface for neuronal network simulators},
  author={Davison, Andrew P and Br{\"u}derle, Daniel and Eppler, Jochen M and Kremkow, Jens and Muller, Eilif and Pecevski, Dejan and Perrinet, Laurent and Yger, Pierre},
  journal={Frontiers in neuroinformatics},
  volume={2},
  pages={11},
  year={2009},
  publisher={Frontiers}
}

@article{maaten2008visualizing,
  title={Visualizing data using t-SNE},
  author={Maaten, Laurens van der and Hinton, Geoffrey},
  journal={Journal of machine learning research},
  volume={9},
  number={Nov},
  pages={2579--2605},
  year={2008}
}

@inproceedings{salakhutdinov2010learning,
  title={Learning deep Boltzmann machines using adaptive MCMC},
  author={Salakhutdinov, Ruslan},
  booktitle={Proceedings of the 27th International Conference on Machine Learning (ICML-10)},
  pages={943--950},
  year={2010}
}

@article{probst2015probabilistic,
  title={Probabilistic inference in discrete spaces can be implemented into networks of LIF neurons},
  author={Probst, Dimitri and Petrovici, Mihai A and Bytschok, Ilja and Bill, Johannes and Pecevski, Dejan and Schemmel, Johannes and Meier, Karlheinz},
  journal={Frontiers in computational neuroscience},
  volume={9},
  pages={13},
  year={2015},
  publisher={Frontiers}
}

@inproceedings{aamir2016highly,
  title={A highly tunable 65-nm cmos lif neuron for a large scale neuromorphic system},
  author={Aamir, Syed Ahmed and M{\"u}ller, Paul and Hartel, Andreas and Schemmel, Johannes and Meier, Karlheinz},
  booktitle={European Solid-State Circuits Conference, ESSCIRC Conference 2016: 42nd},
  pages={71--74},
  year={2016},
  organization={IEEE}
}

% Reliability of neurons

% First paper: in vitro reliable
@article{mainen1995reliability,
  title={Reliability of spike timing in neocortical neurons},
  author={Mainen, Zachary F and Sejnowski, Terrence J},
  journal={Science},
  volume={268},
  number={5216},
  pages={1503--1506},
  year={1995},
  publisher={American Association for the Advancement of Science}
}

@article{toups2012multiple,
  title={Multiple spike time patterns occur at bifurcation points of membrane potential dynamics},
  author={Toups, J Vincent and Fellous, Jean-Marc and Thomas, Peter J and Sejnowski, Terrence J and Tiesinga, Paul H},
  journal={PLoS computational biology},
  volume={8},
  number={10},
  pages={e1002615},
  year={2012},
  publisher={Public Library of Science}
}

@article{reinagel2002precise,
  title={Precise firing events are conserved across neurons},
  author={Reinagel, Pamela and Reid, R Clay},
  journal={Journal of Neuroscience},
  volume={22},
  number={16},
  pages={6837--6841},
  year={2002},
  publisher={Soc Neuroscience}
}

@article{waldrop2016chips,
  title={The chips are down for {M}oore's law},
  author={Waldrop, M Mitchell},
  journal={Nature News},
  volume={530},
  number={7589},
  pages={144},
  year={2016}
}

@article{jo2010nanoscale,
  title={Nanoscale memristor device as synapse in neuromorphic systems},
  author={Jo, Sung Hyun and Chang, Ting and Ebong, Idongesit and Bhadviya, Bhavitavya B and Mazumder, Pinaki and Lu, Wei},
  journal={Nano letters},
  volume={10},
  number={4},
  pages={1297--1301},
  year={2010},
  publisher={ACS Publications}
}

@article{chang2016demonstration,
  title={Demonstration of synaptic behaviors and resistive switching characterizations by proton exchange reactions in silicon oxide},
  author={Chang, Yao-Feng and Fowler, Burt and Chen, Ying-Chen and Zhou, Fei and Pan, Chih-Hung and Chang, Ting-Chang and Lee, Jack C},
  journal={Scientific reports},
  volume={6},
  pages={21268},
  year={2016},
  publisher={Nature Publishing Group}
}

@article{indiveri2011frontiers,
  title={Frontiers in neuromorphic engineering},
  author={Indiveri, Giacomo and Horiuchi, Timothy K},
  journal={Frontiers in neuroscience},
  volume={5},
  pages={118},
  year={2011},
  publisher={Frontiers}
}

@article{mead1990neuromorphic,
  title={Neuromorphic electronic systems},
  author={Mead, Carver},
  journal={Proceedings of the IEEE},
  volume={78},
  number={10},
  pages={1629--1636},
  year={1990},
  publisher={IEEE}
}

@article{dold2019stochasticity,
  title={Stochasticity from functionwhy the bayesian brain may need no noise},
  author={Dold, Dominik and Bytschok, Ilja and Kungl, Akos F and Baumbach, Andreas and Breitwieser, Oliver and Senn, Walter and Schemmel, Johannes and Meier, Karlheinz and Petrovici, Mihai A},
  journal={Neural networks},
  volume={119},
  pages={200--213},
  year={2019},
  publisher={Elsevier}
}

@article{kungl2019accelerated,
  title={Accelerated physical emulation of Bayesian inference in spiking neural networks},
  author={Kungl, Akos F and Schmitt, Sebastian and Kl{\"a}hn, Johann and M{\"u}ller, Paul and Baumbach, Andreas and Dold, Dominik and Kugele, Alexander and M{\"u}ller, Eric and Koke, Christoph and Kleider, Mitja and others},
  journal={Frontiers in neuroscience},
  volume={13},
  pages={1201},
  year={2019},
  publisher={Frontiers}
}